%% LaTeX2e file `bib.bib'
%% generated by the `filecontents' environment
%% from source `"The Zimmerman Telegram"' on 2021/05/05.
%%
@article{ZimmermanTelegram,
    title = "The Zimmerman Telegram",
    url = "https://www.archives.gov/education/lessons/zimmermann#:~:text=Espa%C3%B1ol,for%20joining%20the%20German%20cause",
}
